@inproceedings{baxter1995learning,
  title={Learning internal representations},
  author={Baxter, Jonathan},
  booktitle={Proceedings of the eighth annual conference on Computational learning theory},
  pages={311--320},
  year={1995},
  organization={ACM}
}

@article{zeiler2012adadelta,
  title={ADADELTA: an adaptive learning rate method},
  author={Zeiler, Matthew D},
  journal={arXiv preprint arXiv:1212.5701},
  year={2012}
}
